<record><leader>00000cas a22000007a 4500</leader><controlfield tag="001">18114231</controlfield><controlfield tag="008">880621d185u1858ohuwr ne      0    0eng d</controlfield><datafield ind1=" " ind2=" " tag="010"><subfield code="a">sn 88077569 </subfield></datafield><datafield ind1=" " ind2=" " tag="040"><subfield code="a">ONP</subfield><subfield code="b">eng</subfield><subfield code="c">ONP</subfield><subfield code="d">OCLCQ</subfield></datafield><datafield ind1=" " ind2=" " tag="042"><subfield code="a">msc</subfield></datafield><datafield ind1="0" ind2=" " tag="130"><subfield code="a">Marion mirror (Marion, Ohio : 1857)</subfield></datafield><datafield ind1="1" ind2="0" tag="245"><subfield code="a">Marion mirror.</subfield></datafield><datafield ind1=" " ind2=" " tag="260"><subfield code="a">Marion, Ohio :</subfield><subfield code="b">A.J. Crawford,</subfield><subfield code="c">-1858.</subfield></datafield><datafield ind1=" " ind2=" " tag="310"><subfield code="a">Weekly</subfield></datafield><datafield ind1="0" ind2=" " tag="362"><subfield code="a">-v. 17, no. 46 (Dec. 30, 1858).</subfield></datafield><datafield ind1=" " ind2=" " tag="588"><subfield code="a">Description based on: Vol. 16, no. 1 (Feb. 19, 1857).</subfield></datafield><datafield ind1=" " ind2=" " tag="752"><subfield code="a">United States</subfield><subfield code="b">Ohio</subfield><subfield code="c">Marion</subfield><subfield code="d">Marion.</subfield></datafield><datafield ind1="0" ind2="0" tag="780"><subfield code="t">Democratic mirror (Marion, Ohio : 1850)</subfield><subfield code="w">(DLC)sn 84028786</subfield></datafield><datafield ind1="0" ind2="0" tag="785"><subfield code="t">Marion Democratic mirror (Marion, Ohio : 1859)</subfield><subfield code="w">(DLC)sn 85026133</subfield></datafield></record>